<record xmlns="http://www.loc.gov/MARC21/slim">
  <leader>03020ctmaa2200469 a 4500</leader>
  <controlfield tag="001">3864164</controlfield>
  <controlfield tag="005">20141223231430.0</controlfield>
  <controlfield tag="008">000814q12751300be 000 0 lat d</controlfield>
  <datafield ind1=" " ind2=" " tag="035">
    <subfield code="a">(CStRLIN)NYCV00A135</subfield>
  </datafield>
  <datafield ind1=" " ind2=" " tag="035">
    <subfield code="a">(CStRLIN)NYCV00-A135</subfield>
  </datafield>
  <datafield ind1=" " ind2=" " tag="035">
    <subfield code="a">3864164</subfield>
  </datafield>
  <datafield ind1=" " ind2=" " tag="035">
    <subfield code="a">(OCoLC)64755978</subfield>
  </datafield>
  <datafield ind1=" " ind2=" " tag="040">
    <subfield code="a">NIC</subfield>
    <subfield code="c">NIC</subfield>
    <subfield code="e">amremm</subfield>
    <subfield code="d">NIC</subfield>
  </datafield>
  <datafield ind1="1" ind2="0" tag="240">
    <subfield code="a">Lives of the Saints.</subfield>
  </datafield>
  <datafield ind1="1" ind2="0" tag="245">
    <subfield code="a">Vita beati Francisci [...et al.]</subfield>
  </datafield>
  <datafield ind1=" " ind2=" " tag="260">
    <subfield code="a">[Belgium, between ca. 1275 and ca. 1300]</subfield>
  </datafield>
  <datafield ind1=" " ind2=" " tag="300">
    <subfield code="a">180 leaves ;</subfield>
    <subfield code="b">parchment ;</subfield>
    <subfield code="c">248 x 175 (172-180 x 110-115) mm. bound to 260 x 190 mm.</subfield>
  </datafield>
  <datafield ind1=" " ind2=" " tag="500">
    <subfield code="a">Ms. codex.</subfield>
  </datafield>
  <datafield ind1=" " ind2=" " tag="546">
    <subfield code="a">Text in Latin.</subfield>
  </datafield>
  <datafield ind1="0" ind2=" " tag="505">
    <subfield code="a">1. ff. 1ra-63vb: Vita beati Francisci -- 2. ff. 63vb-87vb: Quedam de
      miraculis ipsius post mortem ostensis et primo de virtutibus sacrorum stigmatum -- 3. ff.
      88ra-88vb: Vita beati Antonii (beginning of the &quot;Assidua&quot; or shorter version;
      incomplete) -- 4. ff. 89ra-120rb: Vita beati Antonii (the &quot;Benignitas&quot; or longer
      version, begins imperfectly; fol. 88 was apparently inserted to help remedy the loss)
      --</subfield>
  </datafield>
  <datafield ind1="0" ind2=" " tag="505">
    <subfield code="a">(Continued) 5. ff. 120va-125rb: Privilegium sancte Clare -- 6. ff.
      125rb-148ra: Vita et legenda sanctissime virginis Clare ordinis pauperum dominarum sancti
      Damiani aput Assysyum -- 7. ff. 148ra-173vb: Legenda sancte Katherine virginis [Passio beate
      Katharine] -- 8. ff. 173vb-179vb: Legenda sancte Margarete virginis et martiris -- 9. ff.
      179vb-180vb: De stigmatibus sancti Francisci (ends imperfectly)</subfield>
  </datafield>
  <datafield ind1=" " ind2=" " tag="500">
    <subfield code="a">Layout: Written in 2 columns of 29 or 23 lines; frame-ruled in
      ink.</subfield>
  </datafield>
  <datafield ind1=" " ind2=" " tag="500">
    <subfield code="a">The manuscript was composed in two separate albeit contemporary stages,
      corresponding to ff. 1-87 (29 lines per column) and ff. 88-180 (23 lines per
      column).</subfield>
  </datafield>
  <datafield ind1=" " ind2=" " tag="500">
    <subfield code="a">Script: Gothic textual quadrata (ff. 1-87); Gothic textual semi-rotunda (ff.
      88-179vb); Gothic chancery (ff. 179vb-180vb).</subfield>
  </datafield>
  <datafield ind1=" " ind2=" " tag="500">
    <subfield code="a">Binding: ca. 1900, brown grained calfskin (?) over heavy boards with five
      raised bands; gilt edges. The front cover is loose.</subfield>
  </datafield>
  <datafield ind1=" " ind2=" " tag="500">
    <subfield code="a">Accompanying materials: Dealer&apos;s description (13 pp.), in an envelope
      labeled &quot;Rare Bd. Mss...&quot;.</subfield>
  </datafield>
  <datafield ind1=" " ind2=" " tag="500">
    <subfield code="a">Origin: Probably written in Belgium, in the last quarter of the 13th
      century.</subfield>
  </datafield>
  <datafield ind1=" " ind2=" " tag="561">
    <subfield code="a">Provenance: Emily May Thornton, 1893 (?). Obtained from Bruce Ferrini,
      1995.</subfield>
  </datafield>
  <datafield ind1=" " ind2=" " tag="524">
    <subfield code="a">Division of Rare and Manuscript Collections, Cornell University Library,
      Misc. Bd. Ms. 615.</subfield>
  </datafield>
  <datafield ind1="2" ind2="0" tag="610">
    <subfield code="a">Franciscans.</subfield>
  </datafield>
  <datafield ind1=" " ind2="0" tag="650">
    <subfield code="a">Hagiography.</subfield>
  </datafield>
  <datafield ind1=" " ind2="7" tag="655">
    <subfield code="a">Gothic scripts.</subfield>
    <subfield code="2">aat</subfield>
  </datafield>
  <datafield ind1=" " ind2="7" tag="655">
    <subfield code="a">Parchment.</subfield>
    <subfield code="2">aat</subfield>
  </datafield>
  <datafield ind1="2" ind2="7" tag="610">
    <subfield code="a">Franciscans</subfield>
    <subfield code="2">fast</subfield>
    <subfield code="0">(OCoLC)fst00530004</subfield>
  </datafield>
  <datafield ind1=" " ind2="7" tag="650">
    <subfield code="a">Hagiography</subfield>
    <subfield code="2">fast</subfield>
    <subfield code="0">(OCoLC)fst00950239</subfield>
  </datafield>
  <datafield ind1="2" ind2=" " tag="710">
    <subfield code="a">Cornell University.</subfield>
    <subfield code="b">Library.</subfield>
    <subfield code="b">Division of Rare and Manuscript Collections.</subfield>
    <subfield code="k">Manuscript.</subfield>
    <subfield code="n">Misc. Bd. Ms. 615.</subfield>
  </datafield>
  <datafield ind1=" " ind2=" " tag="752">
    <subfield code="a">Belgium.</subfield>
  </datafield>
  <datafield ind1=" " ind2=" " tag="852">
    <subfield code="a">NIC</subfield>
    <subfield code="j">4600 Bd. Ms. 615 ++</subfield>
  </datafield>
  <datafield ind1="1" ind2=" " tag="899">
    <subfield code="a">med</subfield>
  </datafield>
  <datafield ind1="3" ind2=" " tag="948">
    <subfield code="a">20070525</subfield>
    <subfield code="h">RLINAMC</subfield>
    <subfield code="i">RLINAMC1.mrc</subfield>
  </datafield>
  <datafield ind1="2" ind2=" " tag="948">
    <subfield code="a">20141223</subfield>
    <subfield code="b">m</subfield>
    <subfield code="d">batch</subfield>
    <subfield code="e">lts</subfield>
    <subfield code="x">addfast</subfield>
  </datafield>
  <datafield ind1="f" ind2="f" tag="999">
    <subfield code="i">dcf909c8-1f0d-4b60-9116-dc4655ee1f01</subfield>
    <subfield code="s">df2b0fad-733c-4477-90e4-8acdfac6630b</subfield>
  </datafield>
</record>
